@article{Gershgorin10,
    author = {B. Gershgorin and J. Harlim and {A. J.} Majda},
    year = {2020},
    month = {January},
    pages = {1--31},
    title = {Test models for improving filtering with model errors through stochastic parameter estimation},
    volume = {229},
    journal = {Journal of Computational Physics},
    doi = {10.1016/j.jcp.2009.08.019}
}

@article{Lastname20,
    author = {F. Lastname},
    year = {2020},
    month = {October},
    pages = {1--1},
    title = {Example article citation},
    volume = {11},
    journal = {Jason's Brain},
    doi = {10.1109/TAC.1966.1098392}
}